@article{neher_bedford_2015, title={nextflu: real-time tracking of seasonal influenza virus evolution in humans}, volume={31}, DOI={10.1093/bioinformatics/btv381}, number={21}, journal={Bioinformatics}, author={Neher, Richard A. and Bedford, Trevor}, year={2015}, pages={3546–3548}}
@article{palacios_minin_2013, title={Gaussian Process-Based Bayesian Nonparametric Inference of Population Size Trajectories from Gene Genealogies}, volume={69}, DOI={10.1111/biom.12003}, number={1}, journal={Biometrics}, author={Palacios, Julia A. and Minin, Vladimir N.}, year={2013}, pages={8–18}}
@article{palacios_minin_2012, title={Integrated Nested Laplace Approximation for Bayesian Nonparametric Phylodynamics}, journal={Eprint ArXiv:1210.4908}, author={Palacios , Julia A and Minin, Vladimir N}, year={2012}, month={Oct}}
@article{price_dehal_arkin_2009, title={FastTree: Computing Large Minimum Evolution Trees with Profiles instead of a Distance Matrix}, volume={26}, DOI={10.1093/molbev/msp077}, number={7}, journal={Molecular Biology and Evolution}, author={Price, M. N. and Dehal, P. S. and Arkin, A. P.}, year={2009}, pages={1641–1650}}
@inbook{rasmussen_williams_undefined_2008, place={Cambridge, Mass.}, title={2 Regression}, booktitle={Gaussian processes for machine learning}, publisher={MIT Press}, author={Rasmussen, Carl Edward and Williams, Christopher K. I.}, year={2008}}
@inbook{wang_2017, title={Winter 2017 Rotation Project Report}, booktitle={Biomedical Informatics Training Program}, author={Wang, Mamie}, year={2017}, pages={1–5}}
@article{karcher_palacios_lan_minin_2016, title={phylodyn: an R package for phylodynamic simulation and inference}, volume={17}, DOI={10.1111/1755-0998.12630}, number={1}, journal={Molecular Ecology Resources}, author={Karcher, Michael D. and Palacios, Julia A. and Lan, Shiwei and Minin, Vladimir N.}, year={2016}, pages={96–100}}
@article{stamatakis_2014, title={RAxML version 8: a tool for phylogenetic analysis and post-analysis of large phylogenies}, volume={30}, DOI={10.1093/bioinformatics/btu033}, number={9}, journal={Bioinformatics}, author={Stamatakis, Alexandros}, year={2014}, pages={1312–1313}}